<record><leader>00000cas a22000007a 4500</leader><controlfield tag="001">13959217</controlfield><controlfield tag="008">860728d189819uutxudr ne      0    0eng d</controlfield><datafield ind1=" " ind2=" " tag="010"><subfield code="a">sn 86088304 </subfield></datafield><datafield ind1=" " ind2=" " tag="040"><subfield code="a">PPM</subfield><subfield code="b">eng</subfield><subfield code="c">PPM</subfield><subfield code="d">OCLCQ</subfield></datafield><datafield ind1=" " ind2=" " tag="042"><subfield code="a">msc</subfield></datafield><datafield ind1="0" ind2="4" tag="245"><subfield code="a">The Austin daily tribune.</subfield></datafield><datafield ind1="3" ind2="0" tag="246"><subfield code="a">Daily tribune</subfield></datafield><datafield ind1="1" ind2="3" tag="246"><subfield code="a">Austin tribune</subfield></datafield><datafield ind1=" " ind2=" " tag="260"><subfield code="a">Austin, Tex. :</subfield><subfield code="b">Tribune Publ. Co.</subfield></datafield><datafield ind1=" " ind2=" " tag="300"><subfield code="a">v. ;</subfield><subfield code="c">56-59 cm.</subfield></datafield><datafield ind1=" " ind2=" " tag="310"><subfield code="a">Daily</subfield></datafield><datafield ind1="0" ind2=" " tag="362"><subfield code="a">Vol. 1, no. 1 (Apr. 4, 1898)-</subfield></datafield><datafield ind1=" " ind2=" " tag="500"><subfield code="a">Sun. ed. &lt;1900&gt; called: Sunday morning tribune.</subfield></datafield><datafield ind1=" " ind2=" " tag="525"><subfield code="a">Has occasional special editions.</subfield></datafield><datafield ind1=" " ind2=" " tag="752"><subfield code="a">United States</subfield><subfield code="b">Texas</subfield><subfield code="c">Travis</subfield><subfield code="d">Austin.</subfield></datafield><datafield ind1="0" ind2=" " tag="775"><subfield code="t">Austin tribune and news</subfield><subfield code="w">(OCoLC)13958979</subfield></datafield><datafield ind1="0" ind2="7" tag="785"><subfield code="t">Austin tribune and news</subfield><subfield code="w">(DLC)sn 86088182</subfield></datafield><datafield ind1="0" ind2="7" tag="785"><subfield code="t">Austin tribune</subfield><subfield code="w">(DLC)sn 86089788</subfield></datafield></record>